<record><leader>00000cas a2200000 a 4500</leader><controlfield tag="001">41935920</controlfield><controlfield tag="008">990721d19501955cauer ne      0    0eng c</controlfield><datafield ind1=" " ind2=" " tag="010"><subfield code="a">sn 99060653 </subfield></datafield><datafield ind1=" " ind2=" " tag="040"><subfield code="a">CNK</subfield><subfield code="b">eng</subfield><subfield code="c">CNK</subfield><subfield code="d">OCLCQ</subfield><subfield code="d">OCLCF</subfield><subfield code="d">OCLCO</subfield></datafield><datafield ind1=" " ind2=" " tag="042"><subfield code="a">pcc</subfield></datafield><datafield ind1=" " ind2=" " tag="043"><subfield code="a">n-us-ca</subfield></datafield><datafield ind1="0" ind2=" " tag="130"><subfield code="a">Carmel spectator (Carmel, Calif. : 1950)</subfield></datafield><datafield ind1="1" ind2="4" tag="245"><subfield code="a">The Carmel spectator.</subfield></datafield><datafield ind1="1" ind2="3" tag="246"><subfield code="a">Spectator</subfield></datafield><datafield ind1=" " ind2=" " tag="260"><subfield code="a">Carmel, Calif. :</subfield><subfield code="b">Michael Purnell Gould</subfield></datafield><datafield ind1=" " ind2=" " tag="300"><subfield code="a">v.</subfield></datafield><datafield ind1=" " ind2=" " tag="310"><subfield code="a">Biweekly,</subfield><subfield code="b">Mar. 11-18, 1954-Apr. 29-May 6, 1955</subfield></datafield><datafield ind1=" " ind2=" " tag="321"><subfield code="a">Weekly,</subfield><subfield code="b">Nov. 10, 1950-Feb. 25, 1954</subfield></datafield><datafield ind1="0" ind2=" " tag="362"><subfield code="a">Vol. 5, no. 4 (Nov. 10, 1950)-v. 12, no. 8 (Apr. 29-May 6, 1955).</subfield></datafield><datafield ind1=" " ind2=" " tag="500"><subfield code="a">"The Carmel" appears in smaller print to left of "Spectator."</subfield></datafield><datafield ind1=" " ind2="0" tag="651"><subfield code="a">Carmel (Calif.)</subfield><subfield code="v">Newspapers.</subfield></datafield><datafield ind1=" " ind2="7" tag="655"><subfield code="a">Newspapers.</subfield><subfield code="2">fast</subfield><subfield code="0">(OCoLC)fst01423814</subfield></datafield><datafield ind1=" " ind2="7" tag="651"><subfield code="a">California</subfield><subfield code="z">Carmel.</subfield><subfield code="2">fast</subfield><subfield code="0">(OCoLC)fst01209285</subfield></datafield><datafield ind1=" " ind2=" " tag="752"><subfield code="a">United States</subfield><subfield code="b">California</subfield><subfield code="c">Monterey</subfield><subfield code="d">Carmel.</subfield></datafield><datafield ind1="0" ind2="0" tag="780"><subfield code="t">Spectator (Carmel, Calif.)</subfield><subfield code="w">(DLC)sn 99060652</subfield></datafield></record>